@misc{gmit:home,
    author    = "GMIT",
    title     = "Galway-Mayo Institute of Technology",
    url       = "http://www.gmit.ie/"
}

@misc{aws:home,
    author    = "Amazon",
    title     = "Amazon Web Services",
    url       = "https://aws.amazon.com/"
}

@misc{docker:home,
    author    = "Docker",
    title     = "Docker - Build, Ship and Run Any App, Anywhere",
    url       = "https://www.docker.com/"
}

@misc{docker:compose,
    author    = "Docker",
    title     = "Docker Compose",
    url       = "https://docs.docker.com/compose/"
}
